<collection xmlns="http://www.loc.gov/MARC21/slim">
<record>
  <leader>01163nam0a2200253 i 450 </leader>
  <controlfield tag="001">IT\ICCU\CNCE\040813</controlfield>
  <controlfield tag="005">20061205000000.0</controlfield>
  <datafield tag="012" ind1=" " ind2=" ">
    <subfield code="a">anij uier e.e. Anso (3) 1592 (A)</subfield>
    <subfield code="2">fei</subfield>
  </datafield>
  <datafield tag="100" ind1=" " ind2=" ">
    <subfield code="a">19981104d1592        0itac0103    ba</subfield>
  </datafield>
  <datafield tag="101" ind1=" " ind2=" ">
    <subfield code="a">ITA</subfield>
  </datafield>
  <datafield tag="102" ind1=" " ind2=" ">
    <subfield code="a">IT</subfield>
  </datafield>
  <datafield tag="200" ind1="1" ind2=" ">
    <subfield code="a">Dottrina christiana da insegnarsi nella citt ̉&amp; diocese di Ferrara, fatta di ordine di monsignor reuerendissimo Giouanni Fontana, vescouo della s. Chiesa di Ferrara</subfield>
  </datafield>
  <datafield tag="210" ind1=" " ind2=" ">
    <subfield code="a">In Ferrara</subfield>
    <subfield code="c">appresso Benedetto Mammarello</subfield>
    <subfield code="d">1592</subfield>
  </datafield>
  <datafield tag="215" ind1=" " ind2=" ">
    <subfield code="a">100 c.</subfield>
    <subfield code="c">ill.</subfield>
    <subfield code="d">8ʻ</subfield>
  </datafield>
  <datafield tag="620" ind1=" " ind2=" ">
    <subfield code="a">IT</subfield>
    <subfield code="d">Ferrara</subfield>
  </datafield>
  <datafield tag="710" ind1="0" ind2="2">
    <subfield code="a">Ferrara</subfield>
    <subfield code="c"> &lt;Diocesi&gt;</subfield>
    <subfield code="3">IT\ICCU\CNCT\005320</subfield>
  </datafield>
  <datafield tag="702" ind1=" " ind2="1">
    <subfield code="a">Fontana,</subfield>
    <subfield code="b">Giovanni</subfield>
    <subfield code="c"> &lt;vescovo&gt;</subfield>
    <subfield code="3">IT\ICCU\CNCA\011176</subfield>
  </datafield>
  <datafield tag="712" ind1="0" ind2="0">
    <subfield code="a">Mammarello, Benedetto</subfield>
    <subfield code="3">IT\ICCU\CNCT\000052</subfield>
    <subfield code="4">650</subfield>
  </datafield>
  <datafield tag="791" ind1="0" ind2="0">
    <subfield code="a">Mamarellus, Benedictus</subfield>
    <subfield code="3">IT\ICCU\CNCT\003950</subfield>
    <subfield code="z">Mammarello, Benedetto</subfield>
  </datafield>
  <datafield tag="791" ind1="0" ind2="0">
    <subfield code="a">Mammarelli, Benedetto</subfield>
    <subfield code="3">IT\ICCU\CNCT\004988</subfield>
    <subfield code="z">Mammarello, Benedetto</subfield>
  </datafield>
  <datafield tag="791" ind1="0" ind2="0">
    <subfield code="a">Mammarellus, Benedictus</subfield>
    <subfield code="3">IT\ICCU\CNCT\004989</subfield>
    <subfield code="z">Mammarello, Benedetto</subfield>
  </datafield>
  <datafield tag="791" ind1="0" ind2="0">
    <subfield code="a">Mamarello, Benedetto</subfield>
    <subfield code="3">IT\ICCU\CNCT\004990</subfield>
    <subfield code="z">Mammarello, Benedetto</subfield>
  </datafield>
  <datafield tag="801" ind1=" " ind2="3">
    <subfield code="a">IT</subfield>
    <subfield code="b">ICCU</subfield>
    <subfield code="c">20201114</subfield>
  </datafield>
  <datafield tag="899" ind1=" " ind2=" ">
    <subfield code="a">Biblioteca comunale Ariostea. Ferrara</subfield>
    <subfield code="1">FE0017</subfield>
    <subfield code="2">UFE AR</subfield>
  </datafield>
</record>
</collection>
